@misc{tdeed23,
      title={T-DEED: Temporal-Discriminability Enhancer Encoder-Decoder for Precise Event Spotting in Sports Videos}, 
      author={Artur Xarles and Sergio Escalera and Thomas B. Moeslund and Albert Clapés},
      year={2024},
      eprint={2404.05392},
      archivePrefix={arXiv},
      primaryClass={cs.CV},
      url={https://arxiv.org/abs/2404.05392}, 
}
@misc{spot22,
      title={Spotting Temporally Precise, Fine-Grained Events in Video}, 
      author={James Hong and Haotian Zhang and Michaël Gharbi and Matthew Fisher and Kayvon Fatahalian},
      year={2022},
      eprint={2207.10213},
      archivePrefix={arXiv},
      primaryClass={cs.CV},
      url={https://arxiv.org/abs/2207.10213}, 
}

@inproceedings{soccernetv2,
  title={Soccernet-v2: A dataset and benchmarks for holistic understanding of broadcast soccer videos},
  author={Deliege, Adrien and Cioppa, Anthony and Giancola, Silvio and Seikavandi, Meisam J and Dueholm, Jacob V and Nasrollahi, Kamal and Ghanem, Bernard and Moeslund, Thomas B and Van Droogenbroeck, Marc},
  booktitle={Proceedings of the IEEE/CVF conference on computer vision and pattern recognition},
  pages={4508--4519},
  year={2021}
}

@inproceedings{soccernet,
   title={SoccerNet: A Scalable Dataset for Action Spotting in Soccer Videos},
   url={http://dx.doi.org/10.1109/CVPRW.2018.00223},
   DOI={10.1109/cvprw.2018.00223},
   booktitle={2018 IEEE/CVF Conference on Computer Vision and Pattern Recognition Workshops (CVPRW)},
   publisher={IEEE},
   author={Giancola, Silvio and Amine, Mohieddine and Dghaily, Tarek and Ghanem, Bernard},
   year={2018},
   month=jun }


@misc{finediving,
      title={FineDiving: A Fine-grained Dataset for Procedure-aware Action Quality Assessment}, 
      author={Jinglin Xu and Yongming Rao and Xumin Yu and Guangyi Chen and Jie Zhou and Jiwen Lu},
      year={2022},
      eprint={2204.03646},
      archivePrefix={arXiv},
      primaryClass={cs.CV},
      url={https://arxiv.org/abs/2204.03646}, 
}

@INPROCEEDINGS{figureskating,
  author={Hong, James and Fisher, Matthew and Gharbi, Michaël and Fatahalian, Kayvon},
  booktitle={2021 IEEE/CVF International Conference on Computer Vision (ICCV)}, 
  title={Video Pose Distillation for Few-Shot, Fine-Grained Sports Action Recognition}, 
  year={2021},
  volume={},
  number={},
  pages={9234-9243},
  keywords={Visualization;Target recognition;Impedance matching;Pose estimation;Detectors;Feature extraction;Pattern recognition;Transfer/Low-shot/Semi/Unsupervised Learning;Action and behavior recognition;Gestures and body pose;Representation learning;Video analysis and understanding},
  doi={10.1109/ICCV48922.2021.00912}}
